%%%% WARNING! AUTOMATICALLY CREATED BIBFILE
%%%% DO NOT EDIT! ALL CHANGES WILL BE LOST!

@STRING{cacm	= "Communications of the ACM" }
@STRING{cade15	= "Automated Deduction - {CADE-25} - 25th International
		  Conference on Automated Deduction, Berlin, Germany, August
		  1-7, 2015, Proceedings" }
@STRING{jar	= "Journal of Automated Reasoning" }
@STRING{jfp	= "Journal of Functional Programming" }
@STRING{lncs	= "Lecture Notes in Computer Science" }
@STRING{pacmpl	= "Proceedings of the ACM on Programming Languages" }
@STRING{springer= "Springer" }
@STRING{toplas	= "ACM Transactions on Programming Languages and Systems" }

@Manual{	  agda:260,
  title		= {Agda 2.6.0 documentation},
  author	= {{Agda developers}},
  year		= {2019},
  url		= "http://agda.readthedocs.io/en/v2.6.0/"
}

@Article{	  brady:jfp13,
  author	= {Edwin Brady},
  title		= {Idris, a general-purpose dependently typed programming
		  language: Design and implementation},
  journal	= jfp,
  volume	= 23,
  number	= 5,
  pages		= {552--593},
  year		= 2013,
  url		= {http://dx.doi.org/10.1017/S095679681300018X},
  timestamp	= {Tue, 05 Nov 2013 14:59:48 +0100},
  biburl	= {http://dblp.uni-trier.de/rec/bib/journals/jfp/Brady13},
  bibsource	= {dblp computer science bibliography, http://dblp.org}
}

@InProceedings{	  deMoura:cade15,
  author	= {Leonardo Mendon{\c{c}}a de Moura and Soonho Kong and
		  Jeremy Avigad and Floris van Doorn and Jakob von Raumer},
  title		= {The {Lean} Theorem Prover (System Description)},
  booktitle	= cade15,
  pages		= {378--388},
  year		= 2015,
  crossref	= {DBLP:conf/cade/2015},
  url		= {https://doi.org/10.1007/978-3-319-21401-6_26},
  timestamp	= {Sun, 21 May 2017 00:17:17 +0200},
  biburl	= {https://dblp.org/rec/bib/conf/cade/MouraKADR15},
  bibsource	= {dblp computer science bibliography, https://dblp.org}
}

@Manual{	  inria:coq89,
  title		= {The {Coq} Proof Assistant Reference Manual},
  author	= {INRIA},
  organization	= {INRIA},
  edition	= {Version 8.9},
  year		= 2019,
  url		= {http://coq.inria.fr/}
}

@Article{	  leroy:cacm09,
  author	= {Xavier Leroy},
  title		= {Formal verification of a realistic compiler},
  journal	= cacm,
  volume	= 52,
  number	= 7,
  pages		= {107--115},
  year		= 2009,
  url		= {http://doi.acm.org/10.1145/1538788.1538814},
  timestamp	= {Thu, 02 Jul 2009 13:36:32 +0200},
  biburl	= {https://dblp.org/rec/bib/journals/cacm/Leroy09},
  bibsource	= {dblp computer science bibliography, https://dblp.org}
}

@Article{	  morrisettWalkerCraryGlew:toplas99,
  author	= {J. Gregory Morrisett and David Walker and Karl Crary and
		  Neal Glew},
  title		= {From System {F} to Typed Assembly Language},
  journal	= toplas,
  volume	= {21},
  number	= {3},
  pages		= {527--568},
  year		= {1999},
  url		= {https://doi.org/10.1145/319301.319345},
  timestamp	= {Tue, 06 Nov 2018 12:51:29 +0100},
  biburl	= {https://dblp.org/rec/bib/journals/toplas/MorrisettWCG99},
  bibsource	= {dblp computer science bibliography, https://dblp.org}
}

@Article{	  allaisAtkeyChapmanMcBrideMcKinna:icfp18,
  author	= {Guillaume Allais and Robert Atkey and James Chapman and
		  Conor McBride and James McKinna},
  title		= {A type and scope safe universe of syntaxes with binding:
		  their semantics and proofs},
  journal	= pacmpl,
  volume	= {2},
  number	= {{ICFP}},
  pages		= {90:1--90:30},
  year		= {2018},
  url		= {https://doi.org/10.1145/3236785},
  timestamp	= {Fri, 27 Dec 2019 21:11:09 +0100},
  biburl	= {https://dblp.org/rec/bib/journals/pacmpl/AllaisA0MM18},
  bibsource	= {dblp computer science bibliography, https://dblp.org}
}

@Article{	  bentonHurKennedyMcBride:jar12,
  author	= {Nick Benton and Chung-Kil Hur and Andrew Kennedy and Conor
		  McBride},
  title		= {Strongly Typed Term Representations in {C}oq},
  journal	= jar,
  volume	= 49,
  number	= 2,
  year		= 2012,
  pages		= {141-159},
  url		= {https://doi.org/10.1007/s10817-011-9219-0},
  timestamp	= {Sat, 20 May 2017 00:22:32 +0200},
  biburl	= {https://dblp.org/rec/bib/journals/jar/BentonHKM12},
  bibsource	= {dblp computer science bibliography, https://dblp.org}
}

@Proceedings{	  DBLP:conf/cade/2015,
  editor	= {Amy P. Felty and Aart Middeldorp},
  title		= cade15,
  booktitle	= cade15,
  series	= lncs,
  volume	= 9195,
  publisher	= springer,
  year		= 2015,
  url		= {https://doi.org/10.1007/978-3-319-21401-6},
  timestamp	= {Sun, 21 May 2017 00:17:17 +0200},
  biburl	= {https://dblp.org/rec/bib/conf/cade/2015},
  bibsource	= {dblp computer science bibliography, https://dblp.org}
}
